@misc{WWF,
author = {{Borrel Brendan}},
month = {feb},
title = {{Combatiendo la contaminaci{\'{o}}n por pl{\'{a}}sticos en Gal{\'{a}}pagos | WWF}},
url = {https://www.wwf.org.ec/?uNewsID=343790},
urldate = {2020-06-11},
year = {2019}
}

@misc{Comercio,
month = {mar},
title = {{Un monstruo en el para{\'{i}}so: el pl{\'{a}}stico amenaza la vida en Gal{\'{a}}pagos | El Comercio}},
url = {https://www.elcomercio.com/tendencias/plastico-contaminacion-especies-galapagos-desechos.html},
urldate = {2020-06-11},
year = {2019}
}

@article {microplastics,
  title = {Microplásticos en el medio marino},
  autor = {Andrady, Anthony L},
  journal = {Boletín de contaminación marina},
  volumen = {62},
  número = {8},
  páginas = {1596--1605},
  año = {2011},
  editor = {Elsevier}
}

@misc{Universo,
month = {apr},
title = {{Documental revela im{\'{a}}genes desgarradoras de la contaminaci{\'{o}}n por pl{\'{a}}sticos en Gal{\'{a}}pagos | Ecolog{\'{i}}a | Noticias | El Universo}},
url = {https://www.eluniverso.com/noticias/2019/04/03/nota/7266608/documental-revela-imagenes-desgarradoras-contaminacion-plasticos},
urldate = {2020-06-11},
year = {2019}
}


@article{Tsakali2019,
author = {Tsakali, Nicoleta},
file = {:C$\backslash$:/Users/fabri/Desktop/nuevo semestre/Fluidos/Origin of Plastic Found on the Shores of the Galapagos Islands - Nicoleta Tsakali - 6245404.pdf:pdf},
pages = {1--21},
title = {{Origin of Plastic Found on the Shores of the Galapagos Islands}},
year = {2019}
}

@misc{Infograma,
author = {{Noro{\~{n}}a Karol}},
month = {sep},
title = {{¿Cu{\'{a}}les son los desechos que m{\'{a}}s contaminan el mar en Ecuador? | El Comercio}},
url = {https://www.elcomercio.com/tendencias/desechos-plasticos-oceanos-ecuador-ministeriodelambiente.html},
urldate = {2020-06-11},
year = {2018}
}

@book{ONU,
abstract = {Plastic is a miracle material. Thanks to plastics, countless lives have been saved in the health sector, the growth of clean energy from wind turbines and solar panels has been greatly facilitated, and safe food storage has been revolutionized. But what makes plastic so convenient in our day-to-day lives – it's cheap – also makes it ubiquitous, resulting in one of our planet's greatest environmental challenges. Our oceans have been used as a dumping ground, choking marine life and transforming some marine areas into a plastic soup. In cities around the world, plastic waste clogs drains, causing floods and breeding disease. Consumed by livestock, it also finds its way into the food chain. Plastic packaging accounts for nearly half of all plastic waste globally, and much of it is thrown away within just a few minutes of its first use. Much plastic may be single-use, but that does not mean it is easily disposable. When discarded in landfills or in the environment, plastic can take up to a thousand years to decompose. The good news is that a growing number of governments are taking action and demonstrating that all nations, whether rich or poor, can become global environmental leaders. Rwanda, a pioneer in banning single-use plastic bags, is now one of the cleanest nations on earth. Kenya has followed suit, helping clear its iconic national parks and save its cows from an unhealthy diet. Learning from the experience of countries that have introduced bans and regulations on single-use plastics, this assessment analyses what has worked well, what hasn't, and why. The report is therefore a tool for policymakers who intend to introduce measures to regulate the production and use of disposable plastics. The assessment shows that action can be painless and profitable – with huge gains for people and the planet that help avert the costly downstream costs of pollution. In addition, action will drive the kind of innovation that will underpin the future global economy we need. Plastic isn't the problem. It's what we do with it. And that means the onus is on us to be far smarter in how we use this miracle material.},
author = {Giacovelli, Claudia},
booktitle = {United Nation Environment Programme},
file = {:C$\backslash$:/Users/fabri/Desktop/nuevo semestre/Fluidos/singleUsePlastic{\_}sustainability.pdf:pdf},
isbn = {9789280737059},
pages = {1--90},
title = {{Single-use plastic: A roadmap for sustainability}},
year = {2018}
}

@misc{Ecuadortv,
month = {aug},
title = {{Llueve pl{\'{a}}stico, una alerta al mundo}},
url = {https://www.ecuadortv.ec/noticias/cuidado-medio-ambiente/microplastico-plastico-contaminacion-ambiental-peligro?{\_}{\_}cf{\_}chl{\_}jschl{\_}tk{\_}{\_}=3f14a8bdf797d6cb858e7eaa285c139529b7b269-1591931988-0-AR8wfM52w9hw6ROTqklgRenaK7jHCi-6BVGEoLRH-rX9Hg7QtiOKp5ecH55CZFxrdNuZ-EpmZRIId{\_}1e9PpnSPDcci2ozuVqI2T8wSOqoHjggG2S3ENzJqeXeZPe8vd{\_}Q99dJ{\_}rYSK0DMpE1{\_}6CD3cotAoPx8XWF8AnaDZfgCAk06awTEXDGez4SahzycunTGIUuFguAHmqjtGmRNBUUpNVUnGlX1Nik{\_}9UsJH0RHZCDPavgW6mYjqc-aY6oxcBY8bExRJsq1LupmHSidw4njL2V2otZhyul0uL-c3GbUvtn2s{\_}kwanh59i5nkBoxWz3pa3HRLwrQe8NpxZONXhshiutIWfConSVugchyymO6urTYkS00jeDmBbrhVkJJKYncDECU0zSP05nyp{\_}sUUuS2XE},
urldate = {2020-06-11},
year = {2019}
}

@misc{Pirineos,
author = {{Leahy Stephen}},
month = {apr},
title = {{Llueven micropl{\'{a}}sticos en los Pirineos}},
url = {https://www.nationalgeographic.es/medio-ambiente/2019/04/llueven-microplasticos-en-los-pirineos},
urldate = {2020-06-11},
year = {2019}
}

@article{Schofield2020,
abstract = {    Marine plastic pollution is a global environmental concern. With reference to approaches in contemporary archaeology, object biographies and psychology, this article presents the application of a novel participatory (‘World Caf{\'{e}}') methodology that aims both to understand how marine plastic pollution occurs and to demonstrate the value of the approach for encouraging behaviour change. As proof of concept, the authors present the preliminary results of fieldwork involving local people in the Gal{\'{a}}pagos archipelago to demonstrate the benefits of an archaeological approach in developing new frameworks to help mitigate this critical environmental threat.},
author = {Schofield, John and Wyles, Kayleigh J. and Doherty, Sean and Donnelly, Andy and Jones, Jen and Porter, Adam},
doi = {10.15184/aqy.2019.232},
file = {:C$\backslash$:/Users/fabri/Desktop/nuevo semestre/Fluidos/Object{\_}narratives{\_}as{\_}a{\_}methodology{\_}for{\_}mitigating{\_}marine{\_}plastic{\_}pollution{\_}a{\_}new{\_}multidisciplinary{\_}approach{\_}and{\_}a{\_}case{\_}study{\_}from{\_}Galapagos.pdf:pdf},
issn = {0003-598X},
journal = {Antiquity},
number = {373},
pages = {228--244},
title = {{Object narratives as a methodology for mitigating marine plastic pollution: multidisciplinary investigations in Gal{\'{a}}pagos}},
volume = {94},
year = {2020}
}

@article{BenitoCarrasco2015,
author = {{Benito Carrasco}, Juan Alberto},
file = {:C$\backslash$:/Users/fabri/Desktop/nuevo semestre/Fluidos/Galapagos/Benito{\_}Carrasco{\_}JuanAlberto{\_}pfc.pdf:pdf},
title = {{PROYECTO FIN DE CARRERA Integraci{\'{o}}n de un UAV ( veh{\'{i}}culo a{\'{e}}reo no tripulado ) en la plataforma rob{\'{o}}tica ARGOS Integraci{\'{o}}n de un UAV ( veh{\'{i}}culo a{\'{e}}reo no tripulado ) en la plataforma rob{\'{o}}tica ARGOS}},
year = {2015}
}

@article{Arevalo2001,
author = {Ar{\'{e}}valo, J Edgardo},
file = {:C$\backslash$:/Users/fabri/Desktop/nuevo semestre/Fluidos/Galapagos/Manual{\_}monitoreomamiferos.pdf:pdf},
pages = {3--18},
title = {{Mamiferos Terrestres En Areas De Conservacion}},
year = {2001}
}

@article{Ecol2018,
author = {Ecol, Manejo Forestal},
file = {:C$\backslash$:/Users/fabri/Desktop/nuevo semestre/Fluidos/Galapagos/CuRSO-DRONES-APLIACADOS-A-LA-ING-FORESTAL-BRASIL-SEP-2018.pdf:pdf},
title = {{Nuevas tecnolog{\'{i}}as DRONE al Manejo Forestal Sostenible Temario}},
year = {2018}
}

@article{Productividad2017,
abstract = {RESUMEN La investigaci{\'{o}}n y manejo de fauna silvestre requiere un monitoreo constante del estado de las poblaciones y de sus h{\'{a}}bitats. Esta informaci{\'{o}}n es necesaria para detectar posibles amenazas y llevar a cabo eficazmente el trabajo de manejo y conservaci{\'{o}}n. En los {\'{u}}ltimos 15 a{\~{n}}os se ha asistido a la incorporaci{\'{o}}n de una nueva herramienta de monitoreo a{\'{e}}reo de fauna silvestre, coloquialmente denominado "dron", y en este trabajo se hace una breve descripci{\'{o}}n de {\'{e}}stos y su aplicaci{\'{o}}n en el monitoreo de fauna silvestre. El prop{\'{o}}sito de ello es presentar las ventajas, pero tambi{\'{e}}n alertar acerca de sus posibles limitaciones. ABSTRACT The study and management of wildlife requires constant monitoring of the state of the populations and their habitats. This information is necessary to detect possible threats and to carry out effectively the management and conservation work. In the last 15 years the incorporation of a new tool of aerial monitoring of wildlife, colloquially named "drones", has been seen, and in this study a brief description of these and their application in wildlife monitoring is made. The purpose is to present the advantages but also alert about their possible limitations.},
author = {Productividad, Agro and Agroproductividad},
file = {:C$\backslash$:/Users/fabri/Desktop/nuevo semestre/Fluidos/Galapagos/Drones2017.pdf:pdf},
keywords = {Palabras clave: aviones,advantages,helicopters,helic{\'{o}}pteros,limitantes Keywords: planes,limitations,ventajas},
number = {December},
pages = {79--84},
title = {{Drones: Una Nueva Tecnolog{\'{i}}a Para El Estudio Y Monitoreo De Fauna Y H{\'{a}}bitats Drones: a New Technology To Study and Monitor Wildlife and Habitats}},
volume = {10},
year = {2017}
}

@misc{HernandezMaresPablo2016,
author = {{Hernandez Mares Pablo}},
month = {dec},
title = {{Ecuador: las especies invasoras amenazan la biodiversidad en Gal{\'{a}}pagos}},
url = {https://es.mongabay.com/2016/12/ecuador-galapagos-especies-invasoras/},
urldate = {2020-07-03},
year = {2016}
}

@article{Balmori2014,
author = {Balmori, Alfonso},
file = {:C$\backslash$:/Users/fabri/Desktop/nuevo semestre/Fluidos/Galapagos/BAHEBalmorifinal251{\_}240{\_}06{\_}Cons03.pdf:pdf},
issn = {1130-6939},
journal = {Bolet{\'{i}}n de la Asociaci{\'{o}}n Herpetol{\'{o}}gica Espa{\~{n}}ola},
keywords = {biodiversidad por sustitu-,causa de p{\'{e}}rdida de,fuera de su,iberian peninsula,invasive alien species,la introducci{\'{o}}n de especies,la segunda,legislation,pseudemys spp,terrapin,trachemys spp,{\'{a}}rea de distribuci{\'{o}}n representa},
number = {1},
pages = {68--74},
title = {{Utilidad de la legislaci{\'{o}}n sobre especies invasoras para la conservaci{\'{o}}n de las especies de gal{\'{a}}pagos ib{\'{e}}ricos}},
volume = {25},
year = {2014}
}

@book{Jaramillo2015,
author = {Jaramillo, Patricia and Lorenz, Swen and Ortiz, Gabriela and Cueva, Pablo and Jim{\'{e}}nez, Estalin and Ortiz, Jaime and Rueda, Danny and Freire, Max and Gibbs, James},
booktitle = {Informe Galapagos 2013-2014},
file = {:C$\backslash$:/Users/fabri/Desktop/nuevo semestre/Fluidos/Galapagos/informegalapagos{\_}2013-2014.pdf:pdf},
isbn = {9789942857101},
number = {July},
pages = {133--143},
title = {{Gal{\'{a}}pagos Verde 2050: Una oportunidad para la restauraci{\'{o}}n de ecosistemas degradados y el fomento de una agricultura sostenible en el archipi{\'{e}}lago}},
year = {2015}
}

@article{Munoz2012,
author = {Mu{\~{n}}oz, D. A. M.},
file = {:C$\backslash$:/Users/fabri/Desktop/nuevo semestre/Fluidos/Galapagos/Ecolog{\'{i}}a alimentaria del Gavil{\'{a}}n de Gal{\'{a}}pagos... Mosquera, Denis. Tesina.pdf:pdf},
title = {{UNIVERSIDAD DE GUAYAQUIL Ecolog{\'{i}}a Alimentaria del Gavil{\'{a}}n de Gal{\'{a}}pagos Gavil{\'{a}}n de Gal{\'{a}}pagos}},
year = {2012}
}

@misc{CarrereMichelle2019,
author = {{Carrere Michelle}},
month = {feb},
title = {{Erradican ratas invasoras en Gal{\'{a}}pagos con la ayuda de drones}},
url = {https://es.mongabay.com/2019/02/ecuador-erradican-ratas-en-galapagos-con-drones-estudio/},
urldate = {2020-07-03},
year = {2019}
}

@misc{BronchalMarina2019,
author = {{Bronchal Marina}},
month = {jan},
title = {{DRONES PARA EL CONTROL DE PLAGAS - Ecoserra: Tratamientos de termitas y plagas en Valencia}},
url = {https://www.ecoserra.es/drones-para-el-control-de-plagas/},
urldate = {2020-07-03},
year = {2019}
}

@misc{LadinesRonald2019,
author = {{Ladines Ronald}},
month = {nov},
title = {{Drones y robots recopilan informaci{\'{o}}n sobre la flora y fauna de Gal{\'{a}}pagos | El Comercio}},
url = {https://www.elcomercio.com/tendencias/drones-robots-informacion-especies-galapagos.html},
urldate = {2020-07-03},
year = {2019}
}

@article{FCD2007,
abstract = {Jim{\'{e}}nez-Uzc{\'{a}}tegui, G., Milstead, B., M{\'{a}}rquez, C., Zabala, J., Buitr{\'{o}}n, P., Llerena, A., Salazar, S., Fessl, B., 2007. Vertebrados de Gal{\'{a}}pagos: estado de amenaza y acciones de conservaci{\'{o}}n, In Informe Gal{\'{a}}pagos 2006-2007. pp. 108-114. Parque Nacional Gal{\'{a}}pagos, Fundaci{\'{o}}n Charles Darwin, Instituto Nacional Gal{\'{a}}pagos, Puerto Ayora, Gal{\'{a}}pagos. Jones,},
author = {FCD and PNG},
file = {:C$\backslash$:/Users/fabri/Desktop/nuevo semestre/Fluidos/Galapagos/2007+Informe-Galapagos.pdf:pdf},
journal = {Instituto Nacional Gal{\'{a}}pagos},
pages = {1--168},
title = {{In Informe Gal{\'{a}}pagos 2006-2007}},
year = {2007}
}

@book{2010,
author = {江小},
booktitle = {經濟研究},
file = {:C$\backslash$:/Users/fabri/Desktop/nuevo semestre/Fluidos/Galapagos/2010+Informe{\_}Galapagos+final.pdf:pdf},
isbn = {9789978530443},
title = {{No Title网空间服务业: 效率、约束及发展前景* ———以体育和文化产业为例}},
year = {2018}
}

@book{Galapagos2012,
author = {Gal{\'{a}}pagos, Informe},
file = {:C$\backslash$:/Users/fabri/Desktop/nuevo semestre/Fluidos/Galapagos/2012+Informe-Galapagos.pdf:pdf},
isbn = {9789942944009},
title = {{Informe gal{\'{a}}pagos 2011 - 2012}},
year = {2012}
}

@book{1389,
author = {چوبینه،سیروس and الله, دبیدی روشن،ولی},
file = {:C$\backslash$:/Users/fabri/Desktop/nuevo semestre/Fluidos/Galapagos/2014+Informe-Galapagos.pdf:pdf},
isbn = {9789942857101},
title = {{No Titleاساس بیومکانیک حرکت انسان: مبانی بیومکانیک حرکت(جلد دوم)}},
year = {1389}
}

@book{2016,
author = {{FCD; DPNG; Consejo de Gobierno de R{\'{e}}gimen Especial de Gal{\'{a}}pagos}},
file = {:C$\backslash$:/Users/fabri/Desktop/nuevo semestre/Fluidos/Galapagos/InformeGalapagos{\_}2015-2016+FINAL+FINAL.pdf:pdf},
isbn = {9789942857125},
pages = {174--182},
title = {{Informe Galapagos 2015-2016}},
year = {2016}
}

@article{DDU-UNAM2018,
author = {DDU-UNAM},
file = {:C$\backslash$:/Users/fabri/Desktop/nuevo semestre/Fluidos/Galapagos/Galapagos+Report+2017-2018+WB.pdf:pdf},
title = {{Informe 2017-2018}},
year = {2018}
}

